<record><leader>00000cas a2200000 a 4500</leader><controlfield tag="001">12959758</controlfield><controlfield tag="008">851230d195619uuaruwr ne      0   a0eng d</controlfield><datafield ind1=" " ind2=" " tag="010"><subfield code="a">sn 85032989 </subfield></datafield><datafield ind1=" " ind2=" " tag="040"><subfield code="a">KSH</subfield><subfield code="b">eng</subfield><subfield code="c">KSH</subfield><subfield code="d">NPT</subfield><subfield code="d">NSD</subfield><subfield code="d">ANU</subfield><subfield code="d">NSD</subfield><subfield code="d">OCLCQ</subfield><subfield code="d">OCLCF</subfield><subfield code="d">OCLCO</subfield></datafield><datafield ind1=" " ind2=" " tag="012"><subfield code="j">0</subfield><subfield code="k">1</subfield><subfield code="m">d</subfield></datafield><datafield ind1="1" ind2=" " tag="022"><subfield code="a">0899-7780</subfield><subfield code="l">0899-7780</subfield><subfield code="2">1</subfield></datafield><datafield ind1=" " ind2=" " tag="037"><subfield code="b">Village Publications, Trading Post Mall, Hardy (Cherokee Village), AR 72542</subfield></datafield><datafield ind1=" " ind2=" " tag="042"><subfield code="a">msc</subfield><subfield code="a">nsdp</subfield></datafield><datafield ind1=" " ind2=" " tag="043"><subfield code="a">n-us-ar</subfield></datafield><datafield ind1=" " ind2="4" tag="222"><subfield code="a">The Cherokee villager</subfield></datafield><datafield ind1="0" ind2="4" tag="245"><subfield code="a">The Cherokee villager.</subfield></datafield><datafield ind1=" " ind2=" " tag="260"><subfield code="a">Hardy, Ark. :</subfield><subfield code="b">[s.n.]</subfield></datafield><datafield ind1=" " ind2=" " tag="300"><subfield code="a">v. :</subfield><subfield code="b">ill. ;</subfield><subfield code="c">38 cm.</subfield></datafield><datafield ind1=" " ind2=" " tag="310"><subfield code="a">Weekly,</subfield><subfield code="b">Oct. 3, 1990-</subfield></datafield><datafield ind1=" " ind2=" " tag="321"><subfield code="a">Irregular,</subfield><subfield code="b">&lt;June 1956-Dec. 1960&gt;</subfield></datafield><datafield ind1=" " ind2=" " tag="321"><subfield code="a">Monthly,</subfield><subfield code="b">&lt;Jan. 1961-Aug. 15, 1962&gt;</subfield></datafield><datafield ind1=" " ind2=" " tag="321"><subfield code="a">Semimonthly,</subfield><subfield code="b">&lt;Sept. 1-Nov. 30, 1962&gt;</subfield></datafield><datafield ind1=" " ind2=" " tag="321"><subfield code="a">Monthly,</subfield><subfield code="b">&lt;Dec. 25, 1962&gt;-Sept. 1976</subfield></datafield><datafield ind1=" " ind2=" " tag="321"><subfield code="a">Semimonthly,</subfield><subfield code="b">Oct. 13, 1976-Dec. 19, 1979</subfield></datafield><datafield ind1=" " ind2=" " tag="321"><subfield code="a">Monthly,</subfield><subfield code="b">Jan. 1980-June 8, 1988</subfield></datafield><datafield ind1=" " ind2=" " tag="321"><subfield code="a">Biweekly,</subfield><subfield code="b">June 29, 1988-Sept. 26, 1990</subfield></datafield><datafield ind1="1" ind2=" " tag="362"><subfield code="a">Began in 1956?</subfield></datafield><datafield ind1=" " ind2=" " tag="500"><subfield code="a">Published at Cherokee Village, Ark., &lt;Nov. 1, 1962&gt;-Nov.? 1971; at Bentonville, Ark., Dec.? 1971-&lt;Jan. 1986&gt;; at Bella Vista, Ark., &lt;May 1986&gt;-Nov. 22, 1989; and at Cherokee Village, Ark., Dec. 6, 1989-</subfield></datafield><datafield ind1=" " ind2=" " tag="588"><subfield code="a">Description based on: June? 1956.</subfield></datafield><datafield ind1=" " ind2=" " tag="588"><subfield code="a">Latest issue consulted: Vol. 32, no. 23 (Nov. 22, 1989).</subfield></datafield><datafield ind1=" " ind2="0" tag="650"><subfield code="a">Planned communities</subfield><subfield code="z">Arkansas</subfield><subfield code="z">Cherokee Village</subfield><subfield code="v">Newspapers.</subfield></datafield><datafield ind1=" " ind2="4" tag="651"><subfield code="a">Sharp County (Ark.)</subfield><subfield code="v">Newspapers.</subfield></datafield><datafield ind1=" " ind2="4" tag="651"><subfield code="a">Cherokee Village (Ark.)</subfield><subfield code="v">Newspapers.</subfield></datafield><datafield ind1=" " ind2="7" tag="655"><subfield code="a">Newspapers.</subfield><subfield code="2">fast</subfield><subfield code="0">(OCoLC)fst01423814</subfield></datafield><datafield ind1=" " ind2="7" tag="650"><subfield code="a">Planned communities.</subfield><subfield code="2">fast</subfield><subfield code="0">(OCoLC)fst01065198</subfield></datafield><datafield ind1=" " ind2="7" tag="651"><subfield code="a">Arkansas</subfield><subfield code="z">Cherokee Village.</subfield><subfield code="2">fast</subfield><subfield code="0">(OCoLC)fst01272185</subfield></datafield><datafield ind1=" " ind2=" " tag="752"><subfield code="a">United States</subfield><subfield code="b">Arkansas</subfield><subfield code="c">Sharp</subfield><subfield code="d">Cherokee Village.</subfield></datafield><datafield ind1=" " ind2=" " tag="752"><subfield code="a">United States</subfield><subfield code="b">Arkansas</subfield><subfield code="c">Sharp</subfield><subfield code="d">Hardy.</subfield></datafield><datafield ind1=" " ind2=" " tag="752"><subfield code="a">United States</subfield><subfield code="b">Arkansas</subfield><subfield code="c">Benton</subfield><subfield code="d">Bentonville.</subfield></datafield><datafield ind1=" " ind2=" " tag="752"><subfield code="a">United States</subfield><subfield code="b">Arkansas</subfield><subfield code="c">Benton</subfield><subfield code="d">Bella Vista.</subfield></datafield><datafield ind1="0" ind2=" " tag="775"><subfield code="t">Cherokee messenger</subfield><subfield code="w">(DLC)sn 91050176</subfield></datafield><datafield ind1="0" ind2="0" tag="785"><subfield code="t">Villager journal (Cherokee Village, Ark.)</subfield><subfield code="x">1526-162X</subfield><subfield code="w">(DLC)sn 99004295</subfield></datafield></record>